%%%%%%%%%%%%%%%%%%%%%%%%%%%%%%%%%%%%%%%%%%%%%%%%%%%%%%%%%%%%%%%%%%%%%%%%%%%%%%%%
% MY ACTUAL REFS
%%%%%%%%%%%%%%%%%%%%%%%%%%%%%%%%%%%%%%%%%%%%%%%%%%%%%%%%%%%%%%%%%%%%%%%%%%%%%%%%

@Misc{leic:gene_expr,
 author       = "GENIE",
 institution  = "University of Leicester",
 title        = "Gene expression and regulation",
 howpublished = {University of Leicester, available at
   \url{http://www2.le.ac.uk/departments/genetics/vgec/schoolscolleges/topics/geneexpression-regulation},
  last access on February 2014}
}

@Misc{madprime2006,
 author       = "Madeleine Price Ball",
 title        = "Genetic code.svg",
 howpublished = {Available at
   \url{http://en.wikipedia.org/wiki/File:Genetic_code.svg}, last access on
   January 2014},
 month        = "May",
 year         = 2006
}

@article{nuno13:giga,
  author = {Bradnam, Keith R and Fass, Joseph N and Alexandrov, Anton and Baranay,
  Paul and Bechner, Michael and Birol, Inanc and Boisvert, S\'{e}bastien and
  Chapman, Jarrod A and Chapuis, Guillaume and Chikhi, Rayan and Chitsaz,
  Hamidreza and Chou, Wen-Chi and Corbeil, Jacques and Fabbro, Cristian Del and
  Docking, T Roderick and Durbin, Richard and Earl, Dent and Emrich, Scott and
  Fedotov, Pavel and {$\backslash$emphNuno A. Fonseca} and Ganapathy,
  Ganeshkumar and Gibbs, Richard A and Gnerre, Sante and Godzaridis, El\'{e}nie
  and Goldstein, Steve and Haimel, Matthias and Hall, Giles and Haussler, David
  and Hiatt, Joseph B and Ho, Isaac Y and Howard, Jason and Hunt, Martin and
  Jackman, Shaun D and Jaffe, David B and Jarvis, Erich and Jiang, Huaiyang and Et
  al.},
  doi = {doi:10.1186/2047-217X-2-10},
  file = {:home/diogo/.local/share/data/Mendeley Ltd./Mendeley
  Desktop/Downloaded/Bradnam et al. - 2013 - Assemblathon 2 evaluating emph\{de
  novo\} methods of genome assembly in three vertebrate species.pdf:pdf},
  journal = {GigaScience},
  month = jul,
  number = {10},
  title = {{Assemblathon 2: evaluating \emph{de novo} methods of
  genome assembly in three vertebrate species}},
  volume = {2},
  year = {2013}
}

@article{Cock2010,
  author = {Cock, Peter J a and Fields, Christopher J and Goto, Naohisa and Heuer,
  Michael L and Rice, Peter M},
  doi = {10.1093/nar/gkp1137},
  file = {:home/diogo/Docear/projects/MastersThesis/literature\_repository/Nucl.
  Acids Res.-2010-Cock-1767-71.pdf:pdf},
  issn = {1362-4962},
  journal = {Nucleic acids research},
  keywords = {Computational Biology,Computational Biology: history,History, 20th
  Century,History, 21st Century,Sequence Analysis, DNA,Sequence Analysis, DNA:
  history,Sequence Analysis, DNA: standards,Software},
  month = apr,
  number = {6},
  pages = {1767--71},
  pmid = {20015970},
  title = {{The Sanger FASTQ file format for sequences with quality scores, and
  the Solexa/Illumina FASTQ variants.}},
  url = {\url{http://www.pubmedcentral.nih.gov/articlerender.fcgi?artid=2847217\&tool=pmcentrez\&rendertype=abstract}},
  volume = {38},
  year = {2010}
}

@article{nuno11:assemblathon,
  author = {Fonseca, Nuno and Earl, Dent and Bradnam, Keith and others},
  doi = {10.1101/gr.126599.111},
  issn = {1549-5469},
  journal = {Genome Research},
  month = dec,
  number = {12},
  pages = {2224--2241},
  pmid = {21926179},
  title = {{Assemblathon 1: A competitive assessment of \textit{de novo} short read assembly methods}},
  url = {\url{http://www.pubmedcentral.nih.gov/articlerender.fcgi?artid=3227110\&tool=pmcentrez\&rendertype=abstract http://genome.cshlp.org/content/early/2011/09/16/gr.126599.111}},
  volume = {21},
  year = {2011}
}

@article{Wolf2013,
  author = {Wolf, Jochen B W},
  doi = {10.1111/1755-0998.12109},
  file =
  {:home/diogo/Docear/projects/MastersThesis/literature\_repository/men12109.pdf:pdf},
  isbn = {0046184716},
  issn = {1755-0998},
  journal = {Molecular ecology resources},
  keywords = {2013,accepted 21 march 2013,bioinformatics,next-generation
  sequencing,received 24 january 2013,revision received 18 march,shotgun
  sequencing,transcriptome sequencing},
  month = jul,
  number = {4},
  pages = {559--72},
  pmid = {23621713},
  title = {{Principles of transcriptome analysis and gene expression
  quantification: an RNA-seq tutorial.}},
  url = {\url{http://www.ncbi.nlm.nih.gov/pubmed/23621713}},
  volume = {13},
  year = {2013}
}

@article{Pusztai01062003,
  author = {Pusztai, Lajos and Ayers, Mark and Stec, James and Hortob\'{a}gyi,
  Gabriel N},
  doi = {10.1634/theoncologist.8-3-252},
  file = {:home/diogo/Downloads/The Oncologist-2003-Pusztai-252-8.pdf:pdf},
  issn = {1083-7159},
  journal = {The Oncologist},
  keywords = {DNA,Gene Expression Profiling,Gene Expression Profiling:
  methods,Gene Expression Regulation,Genome,Human,Humans,Neoplasm,Neoplasm:
  genetics,Neoplasms,Neoplasms: diagnosis,Neoplasms:
  genetics,Neoplastic,Neoplastic: genetics,Oligonucleotide Array Sequence
  Analysis,Oligonucleotide Array Sequence Analysis: methods,Predictive Value
  of Tests,Prognosis,RNA},
  month = jan,
  number = {3},
  pages = {252--258},
  pmid = {12773747},
  title = {{Clinical Application of cDNA Microarrays in Oncology}},
  url = {\url{http://theoncologist.alphamedpress.org/content/8/3/252.abstract}},
  volume = {8},
  year = {2003}
}

@article{Reis-Filho2009,
  author = {Reis-Filho, Jorge S.},
  doi = {10.1186/bcr2431},
  file = {:home/diogo/Downloads/bcr2431.pdf:pdf},
  issn = {1465-542X},
  journal = {Breast cancer research : BCR},
  keywords = {Breast Neoplasms,Breast Neoplasms: diagnosis,Breast Neoplasms: genetics,Female,Genetic Predisposition to Disease,Genetic Predisposition to Disease: genetics,Genome, Human,Humans,Mutation,Sequence Analysis, DNA,Sequence Analysis, DNA: methods},
  month = jan,
  pages = {S12},
  pmid = {20030863},
  title = {{Next-generation sequencing.}},
  url = {\url{http://www.pubmedcentral.nih.gov/articlerender.fcgi?artid=2797692\&tool=pmcentrez\&rendertype=abstract}},
  volume = {11 Suppl 3},
  year = {2009}
}

@inproceedings{Jupp2011,
  author = {Jupp, Simon and Eales, James and Fischer, Simon},
  booktitle = {RapidMiner Community Meeting and Conference, (RCOMM)},
  file = {:home/diogo/Downloads/rcomm2011.pdf:pdf},
  title = {{Combining RapidMiner operators with bioinformatics servicesâ€“a powerful combination}},
  url = {\url{http://www.cs.man.ac.uk/~stevensr/papers/rcomm2011.pdf}},
  year = {2011}
}

@article{Hall,
  author = {Hall, Mark and National, Hazeltine and Frank, Eibe and Holmes, Geoffrey and Pfahringer, Bernhard and Reutemann, Peter and Witten, Ian H},
  file = {:home/diogo/Downloads/p2V11n1.pdf:pdf},
  journal = {SIGKDD Explorations},
  number = {1},
  pages = {10--18},
  title = {{The WEKA Data Mining Software : An Update}},
  volume = {11},
  year = {2009}
}

@article{Ihaka1998,
  author = {Ihaka, Ross},
  file = {:home/diogo/Downloads/Interface98.pdf:pdf},
  institution = {Statistics Department, The University of Auckland, Auckland, New Zealand},
  journal = {COMPUTING SCIENCE AND STATISTICS},
  title = {{R: Past and future history}},
  url = {\url{https://www.stat.auckland.ac.nz/~ihaka/downloads/Interface98.pdf}},
  year = {1998}
}

@article{Fox2005,
  author = {Fox, John and Andersen, Robert},
  file = {:home/diogo/Downloads/Teaching-with-R.pdf:pdf},
  institution = {Department of Sociology, McMaster University},
  journal = {Department of Sociology, McMaster University},
  number = {January},
  title = {{Using the R statistical computing environment to teach social statistics courses}},
  url = {\url{http://www.education.umd.edu/EDMS/fac/Harring/Past-Classes/EDMS651/Resources/Teaching-with-R.pdf}},
  year = {2005}
}

@inproceedings{lmucs-papers:Leisch:2002,
  author = {Friedrich Leisch},
  title = {Sweave: Dynamic Generation of Statistical Reports Using
      Literate Data Analysis},
  booktitle = {Compstat 2002 --- Proceedings in Computational
      Statistics},
  pages = {575--580},
  year = 2002,
  editor = {Wolfgang H{\"a}rdle and Bernd R{\"o}nz},
  publisher = {Physica Verlag, Heidelberg},
  note = {ISBN 3-7908-1517-9},
  url = {\url{http://www.stat.uni-muenchen.de/~leisch/Sweave}}
}

@Misc{ncbi:fasta,
  author       = "NCBI",
  institution  = "NCBI",
  title        = "Web BLAST page options",
  howpublished = {NCBI, available at
   \url{https://www.ncbi.nlm.nih.gov/BLAST/blastcgihelp.shtml},
  last access on February 2014}
}

@Misc{genome:sam,
 author       = "Abecasis Lab",
 institution  = "University of Michigan",
 title        = "SAM - Genome Analysis Wiki",
 howpublished = {University of Michigan, available at
   \url{http://genome.sph.umich.edu/wiki/SAM},
  last access on February 2014}
}

@Misc{1000genomes:vcf,
  author       = "1000 Genomes",
  title        = "Web BLAST page options",
  howpublished = {Available at
   \url{http://www.1000genomes.org/wiki/Analysis/Variant%20Call%20Format/vcf-variant-call-format-version-40},
  last access on February 2014}
}

@Misc{smith13,
  author       = "{Smith, Steven and Browning, Brian}",
  title        = "Introduction to Variant Call Format",
  year         = {2013},
  howpublished = {Available at
   \url{http://faculty.washington.edu/browning/beagle/intro-to-vcf.html},
  last access on February 2014}
}

@Misc{sanger11,
  author       = "{Sanger Institute}",
  title        = "GFF (General Feature Format)",
  year         = {2011},
  howpublished = {Available at
   \url{http://www.sanger.ac.uk/resources/software/gff/spec.html},
  last access on February 2014}
}

@article{Wolf2010,
  author = {Wolf, Jochen B W and Bayer, Till and Haubold, Bernhard and Schilhabel, Markus and Rosenstiel, Philip and Tautz, Diethard},
  doi = {10.1111/j.1365-294X.2009.04471.x},
  file = {:home/diogo/Downloads/18.pdf:pdf},
  issn = {1365-294X},
  journal = {Molecular ecology},
  month = mar,
  pages = {162--75},
  pmid = {20331778},
  title = {{Nucleotide divergence vs. gene expression differentiation: comparative transcriptome sequencing in natural isolates from the carrion crow and its hybrid zone with the hooded crow.}},
  url = {\url{http://www.ncbi.nlm.nih.gov/pubmed/20331778}},
  volume = {19 Suppl 1},
  year = {2010}
}

@article{Martin2011,
  author = {Martin, Jeffrey and Wang, Zhong},
  doi = {10.1038/nrg3068},
  file = {:home/diogo/Downloads/nrg3068.pdf:pdf},
  issn = {1471-0064},
  journal = {Nature reviews. Genetics},
  month = oct,
  number = {10},
  pages = {671--82},
  pmid = {21897427},
  publisher = {Nature Publishing Group},
  title = {{Next-generation transcriptome assembly.}},
  url = {\url{http://www.ncbi.nlm.nih.gov/pubmed/21897427}},
  volume = {12},
  year = {2011}
}


@article{Wilhelm2009,
  author = {Wilhelm, Brian T and Landry, Josette-Ren\'{e}e},
  doi = {10.1016/j.ymeth.2009.03.016},
  file = {:home/diogo/Downloads/1-s2.0-S1046202309000632-main.pdf:pdf},
  issn = {1095-9130},
  journal = {Methods (San Diego, Calif.)},
  month = jul,
  number = {3},
  pages = {249--57},
  pmid = {19336255},
  publisher = {Elsevier Inc.},
  title = {{RNA-Seq-quantitative measurement of expression through massively parallel RNA-sequencing.}},
  url = {\url{http://www.ncbi.nlm.nih.gov/pubmed/19336255}},
  volume = {48},
  year = {2009}
}

@book{han2006data,
  title={Data mining: concepts and techniques},
  author={Han, Jiawei and Kamber, Micheline and Pei, Jian},
  year={2006},
  publisher={Morgan kaufmann}
}

@Misc{Chakrabarti2012,
  title={Data mining curriculum: a proposal, Version 1.0},
  author={Chakrabarti, Soumen and Ester, Martin and Fayyad, Usama and Gehrke, Johannes and Han, Jiawei and Morishita, Shinichi and Piatetsky-Shapiro, Gregory and Wang, Wei},
  year={2012},
  month=apr,
  howpublished = {Available at \url{www.kdd.org/curriculum/CURMay06.pdf},
    last access on February 2014}
}

@article{Fayyad1996,
  author = {Fayyad, UM and Piatetsky-Shapiro, G and Smyth, P},
  file = {:home/diogo/Downloads/KDD96-014.pdf:pdf},
  journal = {KDD},
  title = {{Knowledge Discovery and Data Mining: Towards a Unifying Framework.}},
  url = {\url{http://www.aaai.org/Papers/KDD/1996/KDD96-014.pdf}},
  year = {1996}
}

@book{witten2011data,
  author = {Witten, Ian H IH and Frank, Eibe and Hall, Mark A},
  edition = {Second},
  file = {:home/diogo/Downloads/Morgan.Kaufman.Publishers.Weka.2nd.Edition.2005.Elsevier.pdf:pdf},
  isbn = {0120884070},
  publisher = {Elsevier},
  title = {{Data Mining: Practical Machine Learning Tools and Techniques: Practical Machine Learning Tools and Techniques}},
  url = {\url{http://books.google.com/books?hl=en\&lr=\&id=QTnOcZJzlUoC\&oi=fnd\&pg=PR17\&dq=Data+Mining:+Practical+Machine+Learning+Tools+and+Techniques\&ots=3gpxhqYiOc\&sig=YWjKSnaENHPCDZf5x9\_OYQgwoEs http://books.google.com/books?hl=en\&lr=\&id=QTnOcZJzlUoC\&oi=fnd\&pg=PR17\&dq=Data+Mining:+Practical+machine+learning+tools+and+techniques\&ots=3gpxhqYiQb\&sig=9AUEwAQR0cyLMRmUNvD2h\_64G1A}},
  year = {2005}
}

@article{Sasaki2007,
  author = {Sasaki, Yutaka},
  file = {:home/diogo/Downloads/F-measure-YS-26Oct07.pdf:pdf},
  journal = {Teach Tutor mater},
  pages = {1--5},
  title = {{The truth of the F-measure}},
  url = {\url{http://www.cs.odu.edu/~mukka/cs795sum09dm/Lecturenotes/Day3/F-measure-YS-26Oct07.pdf}},
  year = {2007}
}

@article{Li2009,
  author = {Li, Heng and Handsaker, Bob and Wysoker, Alec and Fennell, Tim and Ruan, Jue and Homer, Nils and Marth, Gabor and Abecasis, Goncalo and Durbin, Richard},
  doi = {10.1093/bioinformatics/btp352},
  issn = {1367-4811},
  journal = {Bioinformatics (Oxford, England)},
  month = aug,
  number = {16},
  pages = {2078--9},
  pmid = {19505943},
  title = {{The Sequence Alignment/Map format and SAMtools.}},
  url = {\url{http://www.pubmedcentral.nih.gov/articlerender.fcgi?artid=2723002\&tool=pmcentrez\&rendertype=abstract}},
  volume = {25},
  year = {2009}
}

@article{Langmead2009,
  author = {Langmead, Ben and Trapnell, Cole and Pop, Mihai and Salzberg, Steven L},
  doi = {10.1186/gb-2009-10-3-r25},
  file = {:home/diogo/Downloads/gb-2009-10-3-r25.pdf:pdf},
  issn = {1465-6914},
  journal = {Genome biology},
  month = jan,
  number = {3},
  pages = {R25},
  pmid = {19261174},
  title = {{Ultrafast and memory-efficient alignment of short DNA sequences to the human genome.}},
  url = {\url{http://www.pubmedcentral.nih.gov/articlerender.fcgi?artid=2690996\&tool=pmcentrez\&rendertype=abstract}},
  volume = {10},
  year = {2009}
}

@article{breiman2001random,
  author = {Breiman, Leo},
  file = {:home/diogo/Downloads/breiman\_randomforests.pdf:pdf},
  journal = {Machine learning},
  number = {1},
  pages = {5--32},
  publisher = {Springer},
  title = {{Random forests}},
  url = {\url{http://link.springer.com/article/10.1023/A:1010933404324}},
  volume = {45},
  year = {2001}
}

@article{Cortes1995,
  author = {Cortes, C and Vapnik, V},
  journal = {Machine learning},
  pages = {273--297},
  title = {{Support-vector networks}},
  url = {\url{http://link.springer.com/article/10.1007/BF00994018}},
  volume = {297},
  year = {1995}
}

@techreport{fonseca2003implementation,
  author = {Fonseca, Nuno and Costa, VS Vitor Santos and Silva, Fernando and Camacho, Rui},
  institution = {Technical report, DCC-FC \& LIACC, UP},
  title = {{On the implementation of an ILP system with Prolog}},
  url = {\url{http://193.136.24.104/dcc/Pubs/TReports/TR03/dcc-2003-03.pdf.gz}},
  year = {2003}
}

@article{Bratko:1995:AIL:219717.219771,
  address = {New York, NY, USA},
  author = {Bratko, Ivan and Muggleton, Stephen},
  doi = {10.1145/219717.219771},
  issn = {0001-0782},
  journal = {Commun. ACM},
  month = nov,
  number = {11},
  pages = {65--70},
  publisher = {ACM},
  title = {{Applications of Inductive Logic Programming}},
  url = {\url{http://doi.acm.org/10.1145/219717.219771}},
  volume = {38},
  year = {1995}
}


@book{Lavrac1998,
  address = {Berlin/Heidelberg},
  author = {Lavrac, N and Dzeroski, S},
  doi = {10.1007/BFb0027303},
  isbn = {3-540-64738-4},
  pages = {1--13},
  publisher = {Springer-Verlag},
  series = {Lecture Notes in Computer Science},
  title = {{Inductive logic programming}},
  url = {\url{http://www.springerlink.com/index/10.1007/BFb0027303}},
  volume = {1446},
  year = {1998}
}

@Misc{gloss,
 author       = "Lyons, Robert",
 institution  = "DNA Sequencing Core, University of Michigan",
 title        = "A Molecular Biology Glossary",
 year        = {1998},
 month        = jul,
 howpublished = {DNA Sequencing Core, University of Michigan, available at
   \url{http://seqcore.brcf.med.umich.edu/doc/educ/dnapr/mbglossary/mbgloss.html},
  last access on February 2014}
}


@article{Cooper2009777,
  author = {Cooper, Thomas A and Wan, Lili and Dreyfuss, Gideon},
  doi = {http://dx.doi.org/10.1016/j.cell.2009.02.011},
  file = {:Users/diogo/Downloads/rna and disease.pdf:pdf},
  issn = {0092-8674},
  journal = {Cell},
  keywords = {Alternative Splicing,Disease,Disease: genetics,Mutation,RNA,RNA Splicing,RNA: therapeutic use,Therapeutics},
  month = mar,
  number = {4},
  pages = {777--793},
  pmid = {19239895},
  title = {{\{RNA\} and Disease}},
  url = {\url{http://www.pubmedcentral.nih.gov/articlerender.fcgi?artid=2866189\&tool=pmcentrez\&rendertype=abstract http://www.sciencedirect.com/science/article/pii/S0092867409001482}},
  volume = {136},
  year = {2009}
}

@article{Muller-McNicoll2013,
  author = {Muller-McNicoll, Michaela and Neugebauer, Karla M and M\"{u}ller-McNicoll, Michaela and Neugebauer, Karla M},
  doi = {10.1038/nrg3434},
  file = {:Users/diogo/Downloads/nrg3434.pdf:pdf},
  issn = {1471-0056},
  journal = {Nat Rev Genet},
  keywords = {Cell Nucleus,Cell Nucleus: genetics,Cell Nucleus: metabolism,Cytoplasm,Cytoplasm: genetics,Cytoplasm: metabolism,Genetic,Models,Protein Binding,Protein Biosynthesis,RNA-Binding Proteins,RNA-Binding Proteins: genetics,RNA-Binding Proteins: metabolism,Ribonucleoproteins,Ribonucleoproteins: genetics,Ribonucleoproteins: metabolism,Transcription},
  month = apr,
  number = {4},
  pages = {275--287},
  pmid = {23478349},
  publisher = {Nature Publishing Group, a division of Macmillan Publishers Limited. All Rights Reserved.},
  title = {{How cells get the message: dynamic assembly and function of mRNA-protein complexes}},
  url = {\url{http://www.ncbi.nlm.nih.gov/pubmed/23478349 http://dx.doi.org/10.1038/nrg3434}},
  volume = {14},
  year = {2013}
}

@article{Sonenberg2007721,
  author = {Sonenberg, Nahum and Hinnebusch, Alan G},
  doi = {http://dx.doi.org/10.1016/j.molcel.2007.11.018},
  file = {:Users/diogo/Downloads/1-s2.0-S1097276507007861-main.pdf:pdf},
  issn = {1097-2765},
  journal = {Molecular Cell},
  keywords = {Animals,Behavioral,Disease,Embryonic Development,Embryonic Development: physiology,Genetics,Protein Biosynthesis,Protein Biosynthesis: physiology},
  month = dec,
  number = {5},
  pages = {721--729},
  pmid = {18082597},
  title = {{New Modes of Translational Control in Development, Behavior, and Disease}},
  url = {\url{http://www.sciencedirect.com/science/article/pii/S1097276507007861 http://www.ncbi.nlm.nih.gov/pubmed/18082597}},
  volume = {28},
  year = {2007}
}

@article{Sonenberg2009731,
  author = {Sonenberg, Nahum and Hinnebusch, Alan G},
  doi = {http://dx.doi.org/10.1016/j.cell.2009.01.042},
  file = {:Users/diogo/Downloads/1-s2.0-S0092867409000907-main.pdf:pdf},
  issn = {0092-8674},
  journal = {Cell},
  keywords = {Animals,Gene Expression Regulation,Humans,Models,Molecular,Peptide Chain Initiation,Peptide Initiation Factors,Peptide Initiation Factors: chemistry,Peptide Initiation Factors: metabolism,Ribosomes,Ribosomes: chemistry,Ribosomes: metabolism,Translational},
  month = feb,
  number = {4},
  pages = {731--745},
  pmid = {19239892},
  publisher = {Elsevier Inc.},
  title = {{Regulation of Translation Initiation in Eukaryotes: Mechanisms and Biological Targets}},
  url = {\url{http://www.sciencedirect.com/science/article/pii/S0092867409000907 http://www.pubmedcentral.nih.gov/articlerender.fcgi?artid=3610329\&tool=pmcentrez\&rendertype=abstract}},
  volume = {136},
  year = {2009}
}


@incollection{janga2011construction,
  author = {Janga, Sarath Chandra and Mittal, Nitish},
  booktitle = {RNA Infrastructure and Networks},
  file = {:Users/diogo/Downloads/07Collins\_Janga\_.pdf:pdf},
  pages = {103--117},
  publisher = {Springer},
  title = {{Construction, structure and dynamics of post-transcriptional regulatory network directed by RNA-binding proteins}},
  year = {2011}
}

@article{langmead2009ultrafast,
  title={Ultrafast and memory-efficient alignment of short DNA sequences to the human genome},
  author={Langmead, Ben and Trapnell, Cole and Pop, Mihai and Salzberg, Steven L and others},
  journal={Genome Biol},
  volume={10},
  number={3},
  pages={R25},
  year={2009}
}

@article{Trapnell01052009,
  author = {Trapnell, Cole and Pachter, Lior and Salzberg, Steven L.},
  title = {TopHat: discovering splice junctions with RNA-Seq},
  volume = {25},
  number = {9},
  pages = {1105-1111},
  year = {2009},
  doi = {10.1093/bioinformatics/btp120},
  URL = {\url{http://bioinformatics.oxfordjournals.org/content/25/9/1105.abstract}},
  eprint = {\url{http://bioinformatics.oxfordjournals.org/content/25/9/1105.full.pdf+html}},
  journal = {Bioinformatics}
}

@article{trapnell2010transcript,
  title={Transcript assembly and quantification by RNA-Seq reveals unannotated transcripts and isoform switching during cell differentiation},
  author={Trapnell, Cole and Williams, Brian A and Pertea, Geo and Mortazavi, Ali and Kwan, Gordon and van Baren, Marijke J and Salzberg, Steven L and Wold, Barbara J and Pachter, Lior},
  journal={Nature biotechnology},
  volume={28},
  number={5},
  pages={511--515},
  year={2010},
  publisher={Nature Publishing Group}
}

@article {htseq,
  author = {Simon Anders and Paul Theodor Pyl and Wolfgang Huber},
  title = {HTSeq \&$\#$150; A Python framework to work with high-throughput sequencing data},
  year = {2014},
  doi = {10.1101/002824},
  URL = {\url{http://biorxiv.org/content/early/2014/02/20/002824}},
  eprint = {\url{http://biorxiv.org/content/early/2014/02/20/002824.full.pdf}},
  journal = {bioRxiv}
}


@article{20979621,
  author = {Anders, Simon and Huber, Wolfgang},
  title = {Differential expression analysis for sequence count data},
  journal = {Genome Biology},
  volume = {11},
  year = {2010},
  number = {10},
  pages = {R106},
  url = {\url{http://genomebiology.com/2010/11/10/R106}},
  doi = {10.1186/gb-2010-11-10-r106},
  PubMedID = {20979621},
  issn = {1465-6906}
}

@article{robinson2010edger,
  title={edgeR: a Bioconductor package for differential expression analysis of digital gene expression data},
  author={Robinson, M.D. and McCarthy, D.J. and Smyth, G.K.},
  journal={Bioinformatics},
  volume={26},
  number={1},
  pages={139--140},
  year={2010},
  publisher={Oxford Univ Press}
}

@Misc{rnaseqpipeline,
  author = {Joe Fass},
  title = {Read Alignment for {RNA-Seq}},
  institution  = {Bioinformatics Core, University of California},
  howpublished = {Bioinformatics Core, University of California, available at \url{http://training.bioinformatics.ucdavis.edu/docs/2012/05/RNA/_downloads/Alignment.pdf}},
  year = 2012,
  month = may
}

@article{varemo01042013,
  author = {VÃ¤remo, Leif and Nielsen, Jens and Nookaew, Intawat},
  title = {Enriching the gene set analysis of genome-wide data by incorporating directionality of gene expression and combining statistical hypotheses and methods},
  volume = {41}, 
  number = {8}, 
  pages = {4378-4391}, 
  year = {2013}, 
  doi = {10.1093/nar/gkt111}, 
  URL = {\url{http://nar.oxfordjournals.org/content/41/8/4378.abstract}},
  eprint = {\url{http://nar.oxfordjournals.org/content/41/8/4378.full.pdf+html}},
  journal = {Nucleic Acids Research}
}

@article{Estivill-Castro:2002:WSM:568574.568575,
  author = {Estivill-Castro, Vladimir},
  title = {Why So Many Clustering Algorithms: A Position Paper},
  journal = {SIGKDD Explor. Newsl.},
  issue_date = {June 2002},
  volume = {4},
  number = {1},
  month = jun,
  year = {2002},
  issn = {1931-0145},
  pages = {65--75},
  numpages = {11},
  url = {\url{http://doi.acm.org/10.1145/568574.568575}},
  doi = {10.1145/568574.568575},
  acmid = {568575},
  publisher = {ACM},
  address = {New York, NY, USA},
  keywords = {clustering, clustering criterion, inductive principle},
}

@article{DBLP:journals/corr/abs-1205-1117,
  author    = {T. Soni Madhulatha},
  title     = {An Overview on Clustering Methods},
  journal   = {CoRR},
  volume    = {abs/1205.1117},
  year      = {2012},
  ee        = {\url{http://arxiv.org/abs/1205.1117}},
  bibsource = {DBLP, http://dblp.uni-trier.de}
}

@article{murtagh2011ward,
  title={Ward's Hierarchical Clustering Method: Clustering Criterion and Agglomerative Algorithm},
  author={Murtagh, Fionn and Legendre, Pierre},
  journal={arXiv preprint arXiv:1111.6285},
  year={2011}
}

@book{Manning:2008:IIR:1394399,
  author = {Manning, Christopher D. and Raghavan, Prabhakar and Sch\"{u}tze, Hinrich},
  title = {Introduction to Information Retrieval},
  year = {2008},
  isbn = {0521865719, 9780521865715},
  publisher = {Cambridge University Press},
  address = {New York, NY, USA},
}


@article{Rousseeuw198753,
  title = "Silhouettes: A graphical aid to the interpretation and validation of cluster analysis ",
  journal = "Journal of Computational and Applied Mathematics ",
  volume = "20",
  number = "0",
  pages = "53 - 65",
  year = "1987",
  issn = "0377-0427",
  doi = "http://dx.doi.org/10.1016/0377-0427(87)90125-7",
  url = "http://www.sciencedirect.com/science/article/pii/0377042787901257",
  author = "Peter J. Rousseeuw"
}

@article{fields2005cell,
  title={Cell biology: Whither model organism research?},
  author={Fields, Stanley and Johnston, Mark},
  journal={Science},
  volume={307},
  number={5717},
  pages={1885--1886},
  year={2005}
}

@article{lodish2000molecular,
  title={Molecular Cell Biology 4th edition},
  author={Lodish, Harvey and Berk, Arnold and Zipursky, SL},
  year={2000},
  publisher={National Center for Biotechnology Information{\~O}s Bookshelf}
}

@article {irap,
  author = {Nuno A. Fonseca and Robert Petryszak and John Marioni and Alvis Brazma},
  title = {iRAP - an integrated RNA-seq Analysis Pipeline},
  year = {2014},
  doi = {10.1101/005991},
  URL = {\url{http://biorxiv.org/content/early/2014/06/06/005991}},
  eprint = {http://biorxiv.org/content/early/2014/06/06/005991.full.pdf},
  journal = {bioRxiv}
}

@article{doi:10.1146/annurev.biochem.72.121801.161720,
  author = {Black, Douglas L.},
  title = {MECHANISMS OF ALTERNATIVE PRE-MESSENGER RNA SPLICING},
  journal = {Annual Review of Biochemistry},
  volume = {72},
  number = {1},
  pages = {291-336},
  year = {2003},
  doi = {10.1146/annurev.biochem.72.121801.161720},
  note ={PMID: 12626338},
  URL = {\url{http://dx.doi.org/10.1146/annurev.biochem.72.121801.161720}},
  eprint = {\url{http://dx.doi.org/10.1146/annurev.biochem.72.121801.161720}}
}

@article{strauch2011nosql,
  title={NoSQL databases},
  author={Strauch, Christof and Sites, Ultra-Large Scale and Kriha, Walter},
  journal={Lecture Notes, Stuttgart Media University},
  year={2011}
}

@article{Mudunuri15022009,
  author = {Mudunuri, Uma and Che, Anney and Yi, Ming and Stephens, Robert M.}, 
  title = {bioDBnet: the biological database network},
  volume = {25}, 
  number = {4}, 
  pages = {555-556}, 
  year = {2009}, 
  doi = {10.1093/bioinformatics/btn654}, 
  URL = {\url{http://bioinformatics.oxfordjournals.org/content/25/4/555.abstract}},
  eprint = {http://bioinformatics.oxfordjournals.org/content/25/4/555.full.pdf+html},
  journal = {Bioinformatics}
}

@article{Cook01012011,
  author = {Cook, Kate B. and Kazan, Hilal and Zuberi, Khalid and Morris, Quaid and Hughes, Timothy R.}, 
  title = {RBPDB: a database of RNA-binding specificities},
  volume = {39}, 
  number = {suppl 1}, 
  pages = {D301-D308}, 
  year = {2011}, 
  doi = {10.1093/nar/gkq1069}, 
  URL = {\url{http://nar.oxfordjournals.org/content/39/suppl_1/D301.abstract}}, 
  eprint = {http://nar.oxfordjournals.org/content/39/suppl_1/D301.full.pdf+html}, 
  journal = {Nucleic Acids Research} 
}

@article{goodman45dirty,
  title={A Dirty Dozen: Twelve P-Value Misconceptions},
  author={Goodman, Steven},
  journal={Semin Hematol},
  volume={45},
  pages={135--140}
}
